<?xml version="1.0" encoding="UTF-8"?>
<record xmlns="http://www.loc.gov/MARC21/slim" xmlns:xsi="http://www.w3.org/2001/XMLSchema-instance" xsi:schemaLocation="http://www.loc.gov/MARC21/slim http://www.loc.gov/standards/marcxml/schema/MARC21slim.xsd">
<leader>00000cam a22      a 4500</leader>
<controlfield tag="001">001700731</controlfield>
<controlfield tag="003">NNU</controlfield>
<controlfield tag="005">20151019161657.0</controlfield>
<controlfield tag="008">900201s1952    le a          001 0 ara d</controlfield>
<datafield tag="035" ind1=" " ind2=" ">
<subfield code="a">(OCoLC)64016936</subfield>
</datafield>
<datafield tag="040" ind1=" " ind2=" ">
<subfield code="a">COO</subfield>
<subfield code="b">eng</subfield>
<subfield code="c">COO</subfield>
<subfield code="d">OCLCG</subfield>
<subfield code="d">OCLCA</subfield>
<subfield code="d">OCLCF</subfield>
<subfield code="d">OCLCO</subfield>
<subfield code="d">OCLCQ</subfield>
<subfield code="d">NNU</subfield>
</datafield>
<datafield tag="043" ind1=" " ind2=" ">
<subfield code="a">a-le---</subfield>
</datafield>
<datafield tag="050" ind1=" " ind2="4">
<subfield code="a">DS84</subfield>
<subfield code="b">.A25 1952</subfield>
</datafield>
<datafield tag="100" ind1="1" ind2=" ">
<subfield code="6">880-01</subfield>
<subfield code="a">Abū Shaqrā, Ḥusayn Ghadbān,</subfield>
<subfield code="d">-1903.</subfield>
</datafield>
<datafield tag="245" ind1="1" ind2="3">
<subfield code="6">880-02</subfield>
<subfield code="a">al-Ḥarakāt fī Lubnān ilá ʻahd al-mutaṣarrifīyah :</subfield>
<subfield code="b">wa-hiya shahādah Durzīyah ṣarīḥah fī makhṭūṭah tulimmu bi-ḥawādith Lubnān wa-aḥwālihi yudlī bi-hā min ruwāt al-Durūz shāhid ʻiyān wa-yusāhimu bihā wāḥid minhum li-awwal marrah fī tārk̄h Lubnān /</subfield>
<subfield code="c">al-rāwī Ḥusayn Ghaḍbān Abū Shaqrā ; al-muʼallif Yūsuf Khaṭṭār Abū Shaqrā ; ta-ḥarrá naṣṣahā wa-ʻallaqa ḥawāshīhā wa-malāḥiqahā wa-waḍaʻa muqaddimatahā wa-fahārisahā ʻĀrif Abū Shaqrā.</subfield>
</datafield>
<datafield tag="260" ind1=" " ind2=" ">
<subfield code="6">880-03</subfield>
<subfield code="a">Bayrūt :</subfield>
<subfield code="b">[publisher not identified],</subfield>
<subfield code="c">1952.</subfield>
</datafield>
<datafield tag="300" ind1=" " ind2=" ">
<subfield code="a">12, 244 pages :</subfield>
<subfield code="b">illustrations ;</subfield>
<subfield code="c">25 cm</subfield>
</datafield>
<datafield tag="336" ind1=" " ind2=" ">
<subfield code="a">text</subfield>
<subfield code="b">txt</subfield>
<subfield code="2">rdacontent</subfield>
</datafield>
<datafield tag="337" ind1=" " ind2=" ">
<subfield code="a">unmediated</subfield>
<subfield code="b">n</subfield>
<subfield code="2">rdamedia</subfield>
</datafield>
<datafield tag="338" ind1=" " ind2=" ">
<subfield code="a">volume</subfield>
<subfield code="b">nc</subfield>
<subfield code="2">rdacarrier</subfield>
</datafield>
<datafield tag="500" ind1=" " ind2=" ">
<subfield code="a">Title on added t.p.: Troubles in Lebanon, an account of political events in Lebanon from 1785 to 1865 by a Druz eye-witness.</subfield>
</datafield>
<datafield tag="500" ind1=" " ind2=" ">
<subfield code="a">Includes indexes.</subfield>
</datafield>
<datafield tag="651" ind1=" " ind2="0">
<subfield code="a">Lebanon</subfield>
<subfield code="x">History</subfield>
<subfield code="y">1516-1918.</subfield>
</datafield>
<datafield tag="651" ind1=" " ind2="7">
<subfield code="a">Lebanon.</subfield>
<subfield code="2">fast</subfield>
<subfield code="0">(OCoLC)fst01206063.</subfield>
</datafield>
<datafield tag="648" ind1=" " ind2="7">
<subfield code="a">1516 - 1918</subfield>
<subfield code="2">fast.</subfield>
</datafield>
<datafield tag="655" ind1=" " ind2="7">
<subfield code="a">History.</subfield>
<subfield code="2">fast</subfield>
<subfield code="0">(OCoLC)fst01411628.</subfield>
</datafield>
<datafield tag="700" ind1="1" ind2=" ">
<subfield code="6">880-04</subfield>
<subfield code="a">Abū Shaqrā, Yūsuf Khaṭṭār,</subfield>
<subfield code="d">approximately 1875-1904.</subfield>
</datafield>
<datafield tag="700" ind1="1" ind2=" ">
<subfield code="6">880-05</subfield>
<subfield code="a">Abū Shaqrā, ʻĀrif.</subfield>
</datafield>
<datafield tag="740" ind1="0" ind2=" ">
<subfield code="a">Troubles in Lebanon.</subfield>
</datafield>
<datafield tag="880" ind1="1" ind2=" ">
<subfield code="6">100-01/</subfield>
<subfield code="a">ابو شقرا، حسين غدبان،</subfield>
<subfield code="d">-1903.</subfield>
</datafield>
<datafield tag="880" ind1="1" ind2="2">
<subfield code="6">245-02/</subfield>
<subfield code="a">الحركات في لبنان الى عهد المتصرفية :</subfield>
<subfield code="b">وهي شهادة درزية صريحة في مخطوطة تلم بحوادث لبنان واحوال يدلي بها من روات الدروز شاهد عيان ويساهم بها واحد منهم لاول مرة في تارخ لبنان /</subfield>
<subfield code="c">الراوي حسين غضبان ابو شقرا ؛ المؤلف يوسف خطار ابو شقرا ؛ تحرى نصها وعلق حواشيها وملاحقها ووضع مقدمتها وفهارسها عارف ابو شقرا.</subfield>
</datafield>
<datafield tag="880" ind1=" " ind2=" ">
<subfield code="6">260-03/</subfield>
<subfield code="a">بيروت :</subfield>
<subfield code="b">[publisher not identified]،</subfield>
<subfield code="c">1952.</subfield>
</datafield>
<datafield tag="880" ind1="1" ind2=" ">
<subfield code="6">700-04/</subfield>
<subfield code="a">ابو شقرا، يوسف خطار،</subfield>
<subfield code="d">approximately 1875-1904.</subfield>
</datafield>
<datafield tag="880" ind1="1" ind2=" ">
<subfield code="6">700-05/</subfield>
<subfield code="a">ابو شقرا، عارف.</subfield>
</datafield>
<datafield tag="OWN" ind1=" " ind2=" ">
<subfield code="a">GENERAL</subfield>
</datafield>
<datafield tag="AVA" ind1=" " ind2=" ">
<subfield code="a">NYU50</subfield>
<subfield code="b">BOBST</subfield>
<subfield code="c">Main Collection</subfield>
<subfield code="d">DS84 .A25 1952</subfield>
<subfield code="e">unavailable</subfield>
<subfield code="t">Unavailable</subfield>
<subfield code="f">1</subfield>
<subfield code="g">1</subfield>
<subfield code="h">N</subfield>
<subfield code="i">0</subfield>
<subfield code="j">MAIN</subfield>
<subfield code="k">0</subfield>
</datafield>
</record>
